@book{book:artificial_intelligence_modern_approach,
  author = "Stuart Russell and Peter Norvig",
  maintitle = "Artifical Intelligence",
  mainsubtitle = "A Modern Approach",
  year = "2016",
}
